@inproceedings{mentzelopoulos2015hardware,
  title={Hardware Interfaces for VR Applications: Evaluation on Prototypes},
  author={Mentzelopoulos, Markos and Tarpini, Filippo and Emanuele, Agazio and Protopsaltis, Aristidis},
  booktitle={Computer and Information Technology; Ubiquitous Computing and Communications; Dependable, Autonomic and Secure Computing; Pervasive Intelligence and Computing (CIT/IUCC/DASC/PICOM), 2015 IEEE International Conference on},
  pages={1578--1583},
  year={2015},
  organization={IEEE}
}
@inproceedings{rosa2016re,
  title={(Re-) examination of multimodal augmented reality},
  author={Rosa, NE and Werkhoven, Peter J and H{\"u}rst, WO},
  booktitle={MVAR'16: Proceedings of the 2016 workshop on Multimodal Virtual and Augmented Reality},
  year={2016},
  organization={ACM}
}
@article{madary2016real,
  title={Real virtuality: a code of ethical conduct. recommendations for good scientific practice and the consumers of vr-technology},
  author={Madary, Michael and Metzinger, Thomas K},
  journal={Frontiers in Robotics and AI},
  volume={3},
  pages={3},
  year={2016},
  publisher={Frontiers}
}
@inproceedings{venta2014investigating,
  title={Investigating the balance between virtuality and reality in mobile mixed reality UI design: user perception of an augmented city},
  author={Vent{\"a}-Olkkonen, Leena and Posti, Maaret and Koskenranta, Olli and H{\"a}kkil{\"a}, Jonna},
  booktitle={Proceedings of the 8th Nordic Conference on Human-Computer Interaction: Fun, Fast, Foundational},
  pages={137--146},
  year={2014},
  organization={ACM}
}
@inproceedings{hvannberg2012exploitation,
  title={Exploitation of heuristics for virtual environments},
  author={Hvannberg, Ebba Thora and Halld{\'o}rsd{\'o}ttir, Gyda and Rudinsky, Jan},
  booktitle={Proceedings of the 7th Nordic Conference on Human-Computer Interaction: Making Sense Through Design},
  pages={308--317},
  year={2012},
  organization={ACM}
}
@article{won2015homuncular,
  title={Homuncular flexibility in virtual reality},
  author={Won, Andrea Stevenson and Bailenson, Jeremy and Lee, Jimmy and Lanier, Jaron},
  journal={Journal of Computer-Mediated Communication},
  volume={20},
  number={3},
  pages={241--259},
  year={2015},
  publisher={Wiley Online Library}
}
@article{sutcliffe2000heuristic,
  title={Heuristic evaluation of virtual reality applications},
  author={Sutcliffe, Alistair and Gault, Brian},
  journal={Technology},
  volume={19},
  pages={415--426},
  year={2000}
}
@article{virvouusability,
  title={On the usability and likeability of virtual reality games for education: The case of VR-ENGAGE},
  author={Virvou, Maria and Katsionis, George}
}
@article{shewaga2017comparison,
  title={A Comparison of Seated and Room-Scale Virtual Reality in a Serious Game for Epidural Preparation},
  author={Shewaga, Robert and Uribe-Quevedo, Alvaro and Kapralos, Bill and Alam, Fahad},
  journal={IEEE Transactions on Emerging Topics in Computing},
  year={2017},
  publisher={IEEE}
}